@misc{website:paraview_wiki,
      author = "ParaView",
      title = "The ParaView Tutorial",
      month = "11",
      year = "2017",
      url = "https://www.paraview.org/Wiki/The_ParaView_Tutorial"
}

@misc{website:cscs,
      author = "CSCS",
      title = "ParaView",
      url = "https://user.cscs.ch/scientific_computing/supported_applications/paraview/"
}
